@article{article,
author = {Arthur B Cummings and David Eftekhary and Frank G House},
title = {The accurate determination of college students’
coefficients of friction},
journal = {Journal of Sketchy Physics},
volume = {13},
year = {2003},
number = {2},
pages = {46--129}
}

@book{book,
author = {I J Kuss},
title = {On the Importance of Kissing Up to Your Boss},
edition = {5},
publisher = {Dilbert Books},
address = {Cambridge MA},
year = {1995}
}

@phdthesis{thesis,
author = {O P Qwerty},
title = {History of the Goofy Layout of Keyboards},
publisher = {Podunk University Arcana Department},
address = {Podunk IN},
year = {1996}
}

@techreport{report,
author = {Robert Swearingen},
title = {Morpholoty and syntax of British sailors’ English},
series = {Technical Report},
volume = {249},
publisher = {Profanity Institute},
address = {New York NY},
year = {1985}
}

@incollection{collection,
author = {Tom Upsilon},
title = {Obscure Greek letters and their meanings
in mathematics and the sciences},
editor = {V W Xavier},
booktitle = {Proceedings of the seventh international
trivia conference},
publisher = {Last Resort Publishers},
address = {Philadelphia PA},
year = {1987},
pages = {129--158}
}
